@article{baquero2017pure,
  title={Pure Operation-Based Replicated Data Types},
  author={Baquero, Carlos and Almeida, Paulo S{\'e}rgio and Shoker, Ali},
  journal={arXiv preprint arXiv:1710.04469},
  year={2017}
}

@inproceedings{shapiro2011conflict,
  title={Conflict-free replicated data types},
  author={Shapiro, Marc and Pregui{\c{c}}a, Nuno and Baquero, Carlos and Zawirski, Marek},
  booktitle={Symposium on Self-Stabilizing Systems},
  pages={386--400},
  year={2011},
  organization={Springer}
}

@article{shapiro2011comprehensive,
  title={A comprehensive study of convergent and commutative replicated data types},
  author={Shapiro, Marc and Pregui{\c{c}}a, Nuno and Baquero, Carlos and Zawirski, Marek},
  year={2011}
}

@inproceedings{bansal2018servois,
  author    = {Kshitij Bansal and
               Eric Koskinen and
               Omer Tripp},
  editor    = {Dirk Beyer and
               Marieke Huisman},
  title     = {Automatic Generation of Precise and Useful Commutativity Conditions},
  pages     = {115--132},
  publisher = {Springer},
  year      = {2018},
  url       = {https://doi.org/10.1007/978-3-319-89960-2\_7},
  doi       = {10.1007/978-3-319-89960-2\_7},
  timestamp = {Fri, 31 Jan 2020 21:32:25 +0100},
  biburl    = {https://dblp.org/rec/conf/tacas/BansalKT18.bib},
  bibsource = {dblp computer science bibliography, https://dblp.org}
}